% 1.1
% 1st paragraph
@inproceedings{lovchik1999robonaut,
  title={The robonaut hand: A dexterous robot hand for space},
  author={Lovchik, CS and Diftler, Myron A},
  booktitle={Robotics and Automation, 1999. Proceedings. 1999 IEEE International Conference on},
  volume={2},
  pages={907--912},
  year={1999},
  organization={IEEE}
}

@article{huangxiaorui2002multisensor,
  title={多传感器信息融合技术及其在组合导航系统中的应用},
  author={黄晓瑞 and 崔平远 and 崔祜涛},
  journal={高技术通讯},
  volume={12},
  number={2},
  pages={107--110},
  year={2002},
  lang={zh}
}

@inproceedings{hirzinger1994rotex,
  title={ROTEX-the first remotely controlled robot in space},
  author={Hirzinger, Gerd and Brunner, Bernhard and Dietrich, Johannes and Heindl, Johann},
  booktitle={Robotics and Automation, 1994. Proceedings., 1994 IEEE International Conference on},
  pages={2604--2611},
  year={1994},
  organization={IEEE}
}

@inproceedings{ogorodnikova2010safe,
  title={Safe and Reliable Human-Robot Interaction in Manufactory, within and beyond the workcell},
  author={Ogorodnikova, OO},
  booktitle={Robotics in Alpe-Adria-Danube Region (RAAD), 2010 IEEE 19th International Workshop on},
  pages={65--70},
  year={2010},
  organization={IEEE}
}

@article{burke2004moonlight,
  title={Moonlight in Miami: Field study of human-robot interaction in the context of an urban search and rescue disaster response training exercise},
  author={Burke, Jennifer L and Murphy, Robin R and Coovert, Michael D and Riddle, Dawn L},
  journal={Human--Computer Interaction},
  volume={19},
  number={1-2},
  pages={85--116},
  year={2004},
  publisher={Taylor \& Francis}
}

@article{balakirsky2007towards,
  title={Towards heterogeneous robot teams for disaster mitigation: Results and performance metrics from robocup rescue},
  author={Balakirsky, Stephen and Carpin, Stefano and Kleiner, Alexander and Lewis, Michael and Visser, Arnoud and Wang, Jijun and Ziparo, Vittorio Amos},
  journal={Journal of Field Robotics},
  volume={24},
  number={11-12},
  pages={943--967},
  year={2007},
  publisher={Wiley Online Library}
}

@book{barnes2010human,
  title={Human-robot interactions in future military operations},
  author={Barnes, Michael and Jentsch, Florian},
  year={2010},
  publisher={Ashgate Publishing Company}
}

@article{pierrot1999hippocrate,
  title={Hippocrate: a safe robot arm for medical applications with force feedback},
  author={Pierrot, Fran{\c{c}}ois and Dombre, Etienne and D{\'e}goulange, Eric and Urbain, Lo{\"\i}c and Caron, Pierre and Boudet, Sylvie and Gari{\'e}py, J{\'e}rome and M{\'e}gnien, Jean-Louis},
  journal={Medical Image Analysis},
  volume={3},
  number={3},
  pages={285--300},
  year={1999},
  publisher={Elsevier}
}

@inproceedings{lavallee1992image,
  title={Image guided operating robot: a clinical application in stereotactic neurosurgery},
  author={Lavallee, Stephane and Troccaz, Jocelyne and Gaborit, Line and Cinquin, Philippe and Benabid, Alim Louis and Hoffmann, Dominique},
  booktitle={Robotics and Automation, 1992. Proceedings., 1992 IEEE International Conference on},
  pages={618--624},
  year={1992},
  organization={IEEE}
}

@book{mahler2007statistical,
  title={Statistical multisource-multitarget information fusion},
  author={Mahler, Ronald PS},
  year={2007},
  publisher={Artech House, Inc.}
}

@article{akyildiz2002survey,
  title={A survey on sensor networks},
  author={Akyildiz, Ian F and Su, Weilian and Sankarasubramaniam, Yogesh and Cayirci, Erdal},
  journal={Communications magazine, IEEE},
  volume={40},
  number={8},
  pages={102--114},
  year={2002},
  publisher={IEEE}
}

@article{akyildiz2002wireless,
  title={Wireless sensor networks: a survey},
  author={Akyildiz, Ian F and Su, Weilian and Sankarasubramaniam, Yogesh and Cayirci, Erdal},
  journal={Computer networks},
  volume={38},
  number={4},
  pages={393--422},
  year={2002},
  publisher={Elsevier}
}

@inproceedings{koushanfar2002error,
  title={Error-tolerant multimodal sensor fusion},
  author={Koushanfar, Farinaz and Slijepcevic, Sasha and Potkonjak, Miodrag and Sangiovanni-Vincentelli, Alberto},
  booktitle={IEEE CAS Workshop on Wireless Communication and Networking},
  pages={5--6},
  year={2002}
}

@article{futagawa2010real,
  title={A real-time monitoring system using a multimodal sensor with an electrical conductivity sensor and a temperature sensor for cow health control},
  author={Futagawa, Masato and Iwasaki, Taichi and Ishida, Mitsuyoshi and Kamado, Keita and Ishida, Makoto and Sawada, Kazuaki},
  journal={Japanese Journal of Applied Physics},
  volume={49},
  number={4S},
  pages={04DL12},
  year={2010},
  publisher={IOP Publishing}
}

@inproceedings{choi2011detecting,
  title={Detecting and tracking people using an rgb-d camera via multiple detector fusion},
  author={Choi, Wongun and Pantofaru, Caroline and Savarese, Silvio},
  booktitle={Computer Vision Workshops (ICCV Workshops), 2011 IEEE International Conference on},
  pages={1076--1083},
  year={2011},
  organization={IEEE}
}

@incollection{guyon2006introduction,
  title={An introduction to feature extraction},
  author={Guyon, Isabelle and Elisseeff, Andr{\'e}},
  booktitle={Feature extraction},
  pages={1--25},
  year={2006},
  publisher={Springer}
}

@book{guyon2008feature,
  title={Feature extraction: foundations and applications},
  author={Guyon, Isabelle and Gunn, Steve and Nikravesh, Masoud and Zadeh, Lofti A},
  volume={207},
  year={2008},
  publisher={Springer}
}

% 2nd paragraph
@book{weigel2002deep,
  title={Deep Learning for a Digital Age: Technology's Untapped Potential To Enrich Higher Education.},
  author={Weigel, Van B},
  year={2002},
  publisher={ERIC}
}

@inproceedings{lee2009unsupervised,
  title={Unsupervised feature learning for audio classification using convolutional deep belief networks},
  author={Lee, Honglak and Pham, Peter and Largman, Yan and Ng, Andrew Y},
  booktitle={Advances in neural information processing systems},
  pages={1096--1104},
  year={2009}
}

@inproceedings{sun2014deep1,
  title={Deep learning face representation from predicting 10,000 classes},
  author={Sun, Yi and Wang, Xiaogang and Tang, Xiaoou},
  booktitle={Proceedings of the IEEE Conference on Computer Vision and Pattern Recognition},
  pages={1891--1898},
  year={2014}
}

@inproceedings{sun2014deep2,
  title={Deep learning face representation by joint identification-verification},
  author={Sun, Yi and Chen, Yuheng and Wang, Xiaogang and Tang, Xiaoou},
  booktitle={Advances in Neural Information Processing Systems},
  pages={1988--1996},
  year={2014}
}

@incollection{gupta2014learning,
  title={Learning rich features from RGB-D images for object detection and segmentation},
  author={Gupta, Saurabh and Girshick, Ross and Arbel{\'a}ez, Pablo and Malik, Jitendra},
  booktitle={Computer Vision--ECCV 2014},
  pages={345--360},
  year={2014},
  publisher={Springer}
}

@inproceedings{spinello2012leveraging,
  title={Leveraging RGB-D data: Adaptive fusion and domain adaptation for object detection},
  author={Spinello, Luciano and Arras, Kai O},
  booktitle={Robotics and Automation (ICRA), 2012 IEEE International Conference on},
  pages={4469--4474},
  year={2012},
  organization={IEEE}
}

@article{simonyan2014very,
  title={Very deep convolutional networks for large-scale image recognition},
  author={Simonyan, Karen and Zisserman, Andrew},
  journal={arXiv preprint arXiv:1409.1556},
  year={2014}
}

@incollection{zeiler2014visualizing,
  title={Visualizing and understanding convolutional networks},
  author={Zeiler, Matthew D and Fergus, Rob},
  booktitle={Computer vision--ECCV 2014},
  pages={818--833},
  year={2014},
  publisher={Springer}
}

@article{hinton2012improving,
  title={Improving neural networks by preventing co-adaptation of feature detectors},
  author={Hinton, Geoffrey E and Srivastava, Nitish and Krizhevsky, Alex and Sutskever, Ilya and Salakhutdinov, Ruslan R},
  journal={arXiv preprint arXiv:1207.0580},
  year={2012}
}

% 1.2
% 1st paragraph
% [14]
@phdthesis{wangxin2006multisensor,
  title={多传感器数据融合问题的研究 [D]},
  author={王欣},
  year={2006},
  school={长春: 吉林大学},
  lang={zh}
}

@article{hall1997introduction,
  title={An introduction to multisensor data fusion},
  author={Hall, David L and Llinas, James},
  journal={Proceedings of the IEEE},
  volume={85},
  number={1},
  pages={6--23},
  year={1997},
  publisher={IEEE}
}
% [50]
@article{heyou1996multisensor,
  title={多传感器数据融合算法综述},
  author={何友 and 彭应宁},
  journal={火力与指挥控制},
  volume={21},
  number={1},
  pages={12--21},
  year={1996}
}
% [13]
@inproceedings{luo1999review,
  title={A review of high-level multisensor fusion: approaches and applications},
  author={Luo, Ren C and Su, Kuo L},
  booktitle={Multisensor Fusion and Integration for Intelligent Systems, 1999. MFI'99. Proceedings. 1999 IEEE/SICE/RSJ International Conference on},
  pages={25--31},
  year={1999},
  organization={IEEE}
}

% 2nd paragraph
@inproceedings{neal2002shack,
  title={Shack-Hartmann wavefront sensor precision and accuracy},
  author={Neal, Daniel R and Copland, James and Neal, David A},
  booktitle={International Symposium on Optical Science and Technology},
  pages={148--160},
  year={2002},
  organization={International Society for Optics and Photonics}
}

@book{waltz1990multisensor,
  title={Multisensor data fusion},
  author={Waltz, Edward and Llinas, James and others},
  volume={685},
  year={1990},
  publisher={Artech house Boston}
}

% [52]
@inproceedings{shekhar1986sensor,
  title={Sensor fusion and object localization},
  author={Shekhar, Shashank and Khatib, Oussama and Shimojo, Makoto},
  booktitle={Robotics and Automation. Proceedings. 1986 IEEE International Conference on},
  volume={3},
  pages={1623--1628},
  year={1986},
  organization={IEEE}
}

% [55]
@article{luo1989multisensor,
  title={Multisensor integration and fusion in intelligent systems},
  author={Luo, Ren C and Kay, Michael G},
  journal={Systems, Man and Cybernetics, IEEE Transactions on},
  volume={19},
  number={5},
  pages={901--931},
  year={1989},
  publisher={IEEE}
}

@book{luo1995multisensor,
  title={Multisensor integration and fusion for intelligent machines and systems},
  author={Luo, Ren C and Kay, Michael G},
  year={1995},
  publisher={Intellect Books}
}

@article{luo2002multisensor,
  title={Multisensor fusion and integration: approaches, applications, and future research directions},
  author={Luo, Ren C and Yih, Chih-Chen and Su, Kuo Lan},
  journal={Sensors Journal, IEEE},
  volume={2},
  number={2},
  pages={107--119},
  year={2002},
  publisher={IEEE}
}

% [54]
@article{dai2013multichannel,
  title={Multichannel nonlocal means fusion for color image denoising},
  author={Dai, Jingjing and Au, Oscar C and Fang, Lu and Pang, Chao and Zou, Feng and Li, Jiali},
  journal={Circuits and Systems for Video Technology, IEEE Transactions on},
  volume={23},
  number={11},
  pages={1873--1886},
  year={2013},
  publisher={IEEE}
}

% [56]
@article{khaleghi2013multisensor,
  title={Multisensor data fusion: A review of the state-of-the-art},
  author={Khaleghi, Bahador and Khamis, Alaa and Karray, Fakhreddine O and Razavi, Saiedeh N},
  journal={Information Fusion},
  volume={14},
  number={1},
  pages={28--44},
  year={2013},
  publisher={Elsevier}
}
% [16]
@article{fanxinnan2005multisensor,
  title={多传感器信息融合综述},
  author={范新南 and 苏丽媛 and 郭建甲},
  journal={河海大学常州分校学报},
  volume={19},
  number={1},
  pages={1--4},
  year={2005},
  lang={zh}
}

@article{waske2007fusion,
  title={Fusion of support vector machines for classification of multisensor data},
  author={Waske, Bj{\"o}rn and Benediktsson, Jon Atli},
  journal={Geoscience and Remote Sensing, IEEE Transactions on},
  volume={45},
  number={12},
  pages={3858--3866},
  year={2007},
  publisher={IEEE}
}
% [62]
@techreport{welch2004introduction,
  title={An Introduction to the Kalman filter. University of North Carolina at Chapel Hill, Department of Computer Science},
  author={Welch, Greg and Bishop, Gary},
  year={2004},
  institution={TR 95-041}
}
% [7]
@article{atry2010multimodal,
  title={Multimodal fusion for multimedia analysis},
  author={Atry, PK and Hossain, MA and Saddik, AE and Kankanhalli, MS},
  journal={Multimedia systems},
  volume={16},
  number={6},
  pages={345--379},
  year={2010}
}
% [17]
@article{yizhengjun2002multisource,
  title={多源信息智能融合算法},
  author={易正俊},
  journal={重庆大学},
  year={2002}
}
% [38]
@misc{pawlak1991rough,
  title={Rough sets: theoretical aspects of reasoning about data, system theory, Knowledge Engineering and Problem Solving, vol. 9},
  author={Pawlak, Zdzis{\l}aw},
  year={1991},
  publisher={Kluwer Academic Publishers, Dordrecht}
}
% [39]
@book{goodman2013mathematics,
  title={Mathematics of data fusion},
  author={Goodman, Irwin R and Mahler, Ronald P and Nguyen, Hung T},
  volume={37},
  year={2013},
  publisher={Springer Science \& Business Media}
}

% [23]
@book{stone2013bayesian,
  title={Bayesian multiple target tracking},
  author={Stone, Lawrence D and Streit, Roy L and Corwin, Thomas L and Bell, Kristine L},
  year={2013},
  publisher={Artech House}
}
% [24]
@inproceedings{johansson2008bayesian,
  title={A Bayesian network approach to threat evaluation with application to an air defense scenario},
  author={Johansson, Fredrik and Falkman, G{\"o}oran},
  booktitle={Information Fusion, 2008 11th International Conference on},
  pages={1--7},
  year={2008},
  organization={IEEE}
}
@article{li2007neural,
  title={Neural network and Bayesian network fusion models to fuse electronic nose and surface acoustic wave sensor data for apple defect detection},
  author={Li, Changying and Heinemann, Paul and Sherry, Richard},
  journal={Sensors and Actuators B: Chemical},
  volume={125},
  number={1},
  pages={301--310},
  year={2007},
  publisher={Elsevier}
}
% [63]
@inproceedings{wong1998data,
  title={Data fusion and tracking of complex target maneuvers with a simplex-trained neural network-based architecture},
  author={Wong, Yee Chin and Sundareshan, Malur K},
  booktitle={Neural Networks Proceedings, 1998. IEEE World Congress on Computational Intelligence. The 1998 IEEE International Joint Conference on},
  volume={2},
  pages={1024--1029},
  year={1998},
  organization={IEEE}
}
@article{dornfeld1990neural,
  title={Neural network sensor fusion for tool condition monitoring},
  author={Dornfeld, David A and DeVries, MF},
  journal={CIRP Annals-Manufacturing Technology},
  volume={39},
  number={1},
  pages={101--105},
  year={1990},
  publisher={Elsevier}
}

% 3rd paragraph
@inproceedings{manduchi1999bayesian,
  title={Bayesian fusion of color and texture segmentations},
  author={Manduchi, Roberto},
  booktitle={Computer Vision, 1999. The Proceedings of the Seventh IEEE International Conference on},
  volume={2},
  pages={956--962},
  year={1999},
  organization={IEEE}
}
% [22]
@inproceedings{boutell2004bayesian,
  title={Bayesian fusion of camera metadata cues in semantic scene classification},
  author={Boutell, Matthew and Luo, Jiebo},
  booktitle={Computer Vision and Pattern Recognition, 2004. CVPR 2004. Proceedings of the 2004 IEEE Computer Society Conference on},
  volume={2},
  pages={II--623},
  year={2004},
  organization={IEEE}
}
% [53]
@inproceedings{senoo2009skillful,
  title={Skillful manipulation based on high-speed sensory-motor fusion},
  author={Senoo, Taku and Yamakawa, Yuji and Mizusawa, Satoru and Namiki, Akio and Ishikawa, Masatoshi and Shimojo, Makoto},
  booktitle={Robotics and Automation, 2009. ICRA'09. IEEE International Conference on},
  pages={1611--1612},
  year={2009},
  organization={IEEE}
}
% [51]
@inproceedings{fay2000fusion,
  title={Fusion of multi-sensor imagery for night vision: color visualization, target learning and search},
  author={Fay, David A and Waxman, Allen M and Aguilar, Mario and Ireland, David B and Racamato, JP and Ross, WD and Streilein, William W and Braun, MI},
  booktitle={Information Fusion, 2000. FUSION 2000. Proceedings of the Third International Conference on},
  volume={1},
  pages={TUD3--3},
  year={2000},
  organization={IEEE}
}

@inproceedings{han2004statistical,
  title={Statistical feature fusion for gait-based human recognition},
  author={Han, Ju and Bhanu, Bir},
  booktitle={Computer Vision and Pattern Recognition, 2004. CVPR 2004. Proceedings of the 2004 IEEE Computer Society Conference on},
  volume={2},
  pages={II--842},
  year={2004},
  organization={IEEE}
}

@article{zhang2013multi,
  title={Multi-metric learning for multi-sensor fusion based classification},
  author={Zhang, Yanning and Zhang, Haichao and Nasrabadi, Nasser M and Huang, Thomas S},
  journal={Information Fusion},
  volume={14},
  number={4},
  pages={431--440},
  year={2013},
  publisher={Elsevier}
}

% [59]
@phdthesis{gaofangwei2007multisensor,
  title={多传感器融合的技术研究},
  author={高方伟},
  year={2007},
  school={西安电子科技大学},
  lang={zh}
}

@article{haoruize2007multisensor,
  title={多传感器数据融合技术研究现状及军事应用},
  author={郝润泽 and 杨瑞朋},
  journal={兵工自动化},
  volume={26},
  number={4},
  pages={16--17},
  year={2007},
  lang={zh}
}

@phdthesis{zhaodandan2007multisensor,
  title={多传感器数据融合在目标识别中的应用研究 [D]},
  author={赵丹丹},
  year={2007},
  school={太原: 太原理工大学},
  lang={zh}
}

% 4th paragraph
@article{bishop2006pattern,
  title={Pattern Recognition},
  author={Bishop, Christopher M},
  journal={Machine Learning},
  year={2006}
}

@inproceedings{filliat2007visual,
  title={A visual bag of words method for interactive qualitative localization and mapping},
  author={Filliat, David},
  booktitle={Robotics and Automation, 2007 IEEE International Conference on},
  pages={3921--3926},
  year={2007},
  organization={IEEE}
}

@article{cortes1995support,
  title={Support vector machine},
  author={Cortes, Corinna and Vapnik, Vladimir},
  journal={Machine learning},
  volume={20},
  number={3},
  pages={273--297},
  year={1995}
}

@article{wang2007naive,
  title={Naive Bayesian classifier for rapid assignment of rRNA sequences into the new bacterial taxonomy},
  author={Wang, Qiong and Garrity, George M and Tiedje, James M and Cole, James R},
  journal={Applied and environmental microbiology},
  volume={73},
  number={16},
  pages={5261--5267},
  year={2007},
  publisher={Am Soc Microbiol}
}

@article{haykin2004comprehensive,
  title={A comprehensive foundation},
  author={Haykin, Simon and Network, Neural},
  journal={Neural Networks},
  volume={2},
  number={2004},
  year={2004}
}

@book{hagan1996neural,
  title={Neural network design},
  author={Hagan, Martin T and Demuth, Howard B and Beale, Mark H and De Jes{\'u}s, Orlando},
  volume={20},
  year={1996},
  publisher={PWS publishing company Boston}
}

@inproceedings{jaitly2012application,
  title={Application of Pretrained Deep Neural Networks to Large Vocabulary Speech Recognition.},
  author={Jaitly, Navdeep and Nguyen, Patrick and Senior, Andrew W and Vanhoucke, Vincent},
  booktitle={INTERSPEECH},
  pages={2578--2581},
  year={2012}
}

@inproceedings{ngiam2011multimodal,
  title={Multimodal deep learning},
  author={Ngiam, Jiquan and Khosla, Aditya and Kim, Mingyu and Nam, Juhan and Lee, Honglak and Ng, Andrew Y},
  booktitle={Proceedings of the 28th international conference on machine learning (ICML-11)},
  pages={689--696},
  year={2011}
}
% dataset & lsvm & ksvm & random forest
@inproceedings{lai2011large,
  title={A large-scale hierarchical multi-view rgb-d object dataset},
  author={Lai, Kevin and Bo, Liefeng and Ren, Xiaofeng and Fox, Dieter},
  booktitle={Robotics and Automation (ICRA), 2011 IEEE International Conference on},
  pages={1817--1824},
  year={2011},
  organization={IEEE}
}
% idl
@inproceedings{lai2011sparse,
  title={Sparse distance learning for object recognition combining rgb and depth information},
  author={Lai, Kevin and Bo, Liefeng and Ren, Xiaofeng and Fox, Dieter},
  booktitle={Robotics and Automation (ICRA), 2011 IEEE International Conference on},
  pages={4007--4013},
  year={2011},
  organization={IEEE}
}
% Depth Kernel descriptor
@inproceedings{bo2011depth,
  title={Depth kernel descriptors for object recognition},
  author={Bo, Liefeng and Ren, Xiaofeng and Fox, Dieter},
  booktitle={Intelligent Robots and Systems (IROS), 2011 IEEE/RSJ International Conference on},
  pages={821--826},
  year={2011},
  organization={IEEE}
}
% CKM descriptor (convolutional k-means descriptor)
@inproceedings{blum2012learned,
  title={A learned feature descriptor for object recognition in rgb-d data},
  author={Blum, Manuel and Springenberg, Jost Tobias and W{\"u}lfing, Jan and Riedmiller, Martin},
  booktitle={Robotics and Automation (ICRA), 2012 IEEE International Conference on},
  pages={1298--1303},
  year={2012},
  organization={IEEE}
}
% HMP
@inproceedings{bo2011hierarchical,
  title={Hierarchical matching pursuit for image classification: Architecture and fast algorithms},
  author={Bo, Liefeng and Ren, Xiaofeng and Fox, Dieter},
  booktitle={Advances in neural information processing systems},
  pages={2115--2123},
  year={2011}
}
% SP-HMP
@inproceedings{bo2013unsupervised,
  title={Unsupervised feature learning for RGB-D based object recognition},
  author={Bo, Liefeng and Ren, Xiaofeng and Fox, Dieter},
  booktitle={Experimental Robotics},
  pages={387--402},
  year={2013},
  organization={Springer}
}
% CNN-RNN
@inproceedings{socher2012convolutional,
  title={Convolutional-recursive deep learning for 3d object classification},
  author={Socher, Richard and Huval, Brody and Bath, Bharath and Manning, Christopher D and Ng, Andrew Y},
  booktitle={Advances in Neural Information Processing Systems},
  pages={665--673},
  year={2012}
}
% CNN-RNN+CT
@inproceedings{cheng2014semi,
  title={Semi-supervised learning for rgb-d object recognition},
  author={Cheng, Yanhua and Zhao, Xin and Huang, Kaiqi and Tan, Tieniu},
  booktitle={2014 22nd International Conference on Pattern Recognition (ICPR)},
  pages={2377--2382},
  year={2014},
  organization={IEEE}
}
% CaRF
@inproceedings{asif2015efficient,
  title={Efficient RGB-D object categorization using cascaded ensembles of randomized decision trees},
  author={Asif, Umar and Bennamoun, Mohammed and Sohel, Ferdous},
  booktitle={Robotics and Automation (ICRA), 2015 IEEE International Conference on},
  pages={1295--1302},
  year={2015},
  organization={IEEE}
}
% CNN Features
@inproceedings{schwarz2015rgb,
  title={RGB-D object recognition and pose estimation based on pre-trained convolutional neural network features},
  author={Schwarz, Max and Schulz, Hannes and Behnke, Sven},
  booktitle={Robotics and Automation (ICRA), 2015 IEEE International Conference on},
  pages={1329--1335},
  year={2015},
  organization={IEEE}
}
% multimodal
@inproceedings{eitel2015multimodal,
  title={Multimodal deep learning for robust RGB-D object recognition},
  author={Eitel, Andreas and Springenberg, Jost Tobias and Spinello, Luciano and Riedmiller, Martin and Burgard, Wolfram},
  booktitle={Intelligent Robots and Systems (IROS), 2015 IEEE/RSJ International Conference on},
  pages={681--687},
  year={2015},
  organization={IEEE}
}

@inproceedings{deng2009imagenet,
  title={Imagenet: A large-scale hierarchical image database},
  author={Deng, Jia and Dong, Wei and Socher, Richard and Li, Li-Jia and Li, Kai and Fei-Fei, Li},
  booktitle={Computer Vision and Pattern Recognition, 2009. CVPR 2009. IEEE Conference on},
  pages={248--255},
  year={2009},
  organization={IEEE}
}

@article{jia2014caffe,
  Author = {Jia, Yangqing and Shelhamer, Evan and Donahue, Jeff and Karayev, Sergey and Long, Jonathan and Girshick, Ross and Guadarrama, Sergio and Darrell, Trevor},
  Journal = {arXiv preprint arXiv:1408.5093},
  Title = {Caffe: Convolutional Architecture for Fast Feature Embedding},
  Year = {2014}
}

@inproceedings{yang2009linear,
  title={Linear spatial pyramid matching using sparse coding for image classification},
  author={Yang, Jianchao and Yu, Kai and Gong, Yihong and Huang, Tingwen},
  booktitle={Computer Vision and Pattern Recognition, 2009. CVPR 2009. IEEE Conference on},
  pages={1794--1801},
  year={2009},
  organization={IEEE}
}

% Chapter 2
@article{shannon2001mathematical,
  title={A mathematical theory of communication},
  author={Shannon, Claude Elwood},
  journal={ACM SIGMOBILE Mobile Computing and Communications Review},
  volume={5},
  number={1},
  pages={3--55},
  year={2001},
  publisher={ACM}
}

@article{shannon1949mathematical,
  title={The mathematical theory of information},
  author={Shannon, Claude E and Weaver, Warren},
  year={1949},
  publisher={University of Illinois Press}
}

@book{wiener1961cybernetics,
  title={Cybernetics or Control and Communication in the Animal and the Machine},
  author={Wiener, Norbert},
  volume={25},
  year={1961},
  publisher={MIT press}
}

@misc{raman1998multimodal,
  title={Multimodal information presentation system},
  author={Raman, TV},
  year={1998},
  month=may # "~5",
  publisher={Google Patents},
  note={US Patent 5,748,186}
}

@article{mansoorizadeh2010multimodal,
  title={Multimodal information fusion application to human emotion recognition from face and speech},
  author={Mansoorizadeh, Muharram and Charkari, Nasrollah Moghaddam},
  journal={Multimedia Tools and Applications},
  volume={49},
  number={2},
  pages={277--297},
  year={2010},
  publisher={Springer}
}
% [5]
@techreport{white1991data,
  title={Data fusion lexicon},
  author={White, Franklin E},
  year={1991},
  institution={DTIC Document}
}
% [7]
@article{atrey2010multimodal,
  title={Multimodal fusion for multimedia analysis: a survey},
  author={Atrey, Pradeep K and Hossain, M Anwar and El Saddik, Abdulmotaleb and Kankanhalli, Mohan S},
  journal={Multimedia systems},
  volume={16},
  number={6},
  pages={345--379},
  year={2010},
  publisher={Springer}
}

@article{shiffrin1977controlled,
  title={Controlled and automatic human information processing: II. Perceptual learning, automatic attending and a general theory.},
  author={Shiffrin, Richard M and Schneider, Walter},
  journal={Psychological review},
  volume={84},
  number={2},
  pages={127},
  year={1977},
  publisher={American Psychological Association}
}

@article{xiong2002multi,
  title={Multi-sensor management for information fusion: issues and approaches},
  author={Xiong, Ning and Svensson, Per},
  journal={Information fusion},
  volume={3},
  number={2},
  pages={163--186},
  year={2002},
  publisher={Elsevier}
}

@book{caudill1994understanding,
  title={Understanding neural networks: computer explorations: a workbook in two volumes with software for the macintosh and pc compatibles},
  author={Caudill, Maureen and Butler, Charles},
  year={1994},
  publisher={MIT press}
}

@article{prabhakar2002decision,
  title={Decision-level fusion in fingerprint verification},
  author={Prabhakar, Salil and Jain, Anil K},
  journal={Pattern Recognition},
  volume={35},
  number={4},
  pages={861--874},
  year={2002},
  publisher={Elsevier}
}

@article{chatzis1999multimodal,
  title={Multimodal decision-level fusion for person authentication},
  author={Chatzis, Vassilios and Bor{\c{s}}, Adrian G and Pitas, Ioannis},
  journal={Systems, Man and Cybernetics, Part A: Systems and Humans, IEEE Transactions on},
  volume={29},
  number={6},
  pages={674--680},
  year={1999},
  publisher={IEEE}
}

@article{clancey1983epistemology,
  title={The epistemology of a rule-based expert system—a framework for explanation},
  author={Clancey, William J},
  journal={Artificial intelligence},
  volume={20},
  number={3},
  pages={215--251},
  year={1983},
  publisher={Elsevier}
}

@article{aharon2006img,
  title={K-SVD: An Algorithm for Designing Overcomplete Dictionaries for Sparse Representation},
  author={Aharon, Michal and Elad, Michael and Bruckstein, Alfred},
  journal={Signal Processing, IEEE Transactions on},
  volume={54},
  number={11},
  pages={4311--4322},
  year={2006},
  publisher={IEEE}
}

@article{ng2003sift,
  title={SIFT: Predicting amino acid changes that affect protein function},
  author={Ng, Pauline C and Henikoff, Steven},
  journal={Nucleic acids research},
  volume={31},
  number={13},
  pages={3812--3814},
  year={2003},
  publisher={Oxford Univ Press}
}

@article{goldberg1988genetic,
  title={Genetic algorithms and machine learning},
  author={Goldberg, David E and Holland, John H},
  journal={Machine learning},
  volume={3},
  number={2},
  pages={95--99},
  year={1988},
  publisher={Springer}
}

@article{metropolis1949monte,
  title={The monte carlo method},
  author={Metropolis, Nicholas and Ulam, Stanislaw},
  journal={Journal of the American statistical association},
  volume={44},
  number={247},
  pages={335--341},
  year={1949},
  publisher={Taylor \& Francis Group}
}

@article{townsend1971theoretical,
  title={Theoretical analysis of an alphabetic confusion matrix},
  author={Townsend, James T},
  journal={Perception \& Psychophysics},
  volume={9},
  number={1},
  pages={40--50},
  year={1971},
  publisher={Springer}
}

@inproceedings{krizhevsky2012imagenet,
  title={Imagenet classification with deep convolutional neural networks},
  author={Krizhevsky, Alex and Sutskever, Ilya and Hinton, Geoffrey E},
  booktitle={Advances in neural information processing systems},
  pages={1097--1105},
  year={2012}
}

@article{ILSVRC15,
Author = {Olga Russakovsky and Jia Deng and Hao Su and Jonathan Krause and Sanjeev Satheesh and Sean Ma and Zhiheng Huang and Andrej Karpathy and Aditya Khosla and Michael Bernstein and Alexander C. Berg and Li Fei-Fei},
Title = {{ImageNet Large Scale Visual Recognition Challenge}},
Year = {2015},
journal   = {International Journal of Computer Vision (IJCV)},
doi = {10.1007/s11263-015-0816-y},
volume={115},
number={3},
pages={211-252}
}

@Article{REF08a,
  author =   {Rong-En Fan and Kai-Wei Chang and Cho-Jui Hsieh and Xiang-Rui Wang and Chih-Jen Lin},
  title =    {{LIBLINEAR}: A Library for Large Linear Classification},
  journal =    {Journal of Machine Learning Research},
  year =   {2008},
  volume =   {9},
  pages =  {1871--1874}
}

% ================== Not yet cited ==================

% ================== Above are mine ==================
@book{IEEE-1363,
  author =       {{IEEE Std 1363-2000}},
  title =        {{IEEE} Standard Specifications for Public-Key Cryptography},
  address =      {New York},
  publisher =    {IEEE},
  year =         2000
}

@inproceedings{kocher99,
  author =       {C. Kocher and J. Jaffe and B. Jun},
  title =        {Differential Power Analysis},
  editor =       {M. Wiener},
  booktitle =    {Advances in Cryptology ({CRYPTO}~'99)},
  series =       {Lecture Notes in Computer Science},
  volume =       1666,
  pages =        {388-397},
  publisher =    {Springer-Verlag},
  month =        {August},
  year =         1999
}

@incollection{Krasnogor2004e,
  author =       {N. Krasnogor},
  title =        {Towards robust memetic algorithms},
  booktitle =    {Recent Advances in Memetic Algorithms},
  publisher =    {Springer Berlin Heidelberg},
  year =         2004,
  pages =        {185-207},
  editor =       {W.E. Hart and N. Krasnogor and J.E. Smith},
  volume =       166,
  series =       {Studies in Fuzziness and Soft Computing},
  address =      {New York},
}

@incollection{zjsw,
  author =       {班固},
  title =        {苏武传},
  booktitle =    {传记散文英华},
  publisher =    {湖北人民出版社},
  year =         1998,
  pages =        {65-69},
  editor =       {郑在瀛 and 汪超宏 and 周文复},
  volume =       2,
  series =       {新古文观止丛书},
  address =      {武汉},
  lang =         {zh},
}

@inbook{clzs,
  author =       {阎真},
  title =        {沧浪之水},
  chapter =      {大人物还是讲人情的},
  pages =        {185-207},
  publisher =    {人民文学出版社},
  year =         2001,
  lang =         {zh},
}

@book{tex,
  author =       "Donald E. Knuth",
  title =        "The {\TeX} Book",
  publisher =    "Addison-Wesley Publishing Company",
  address =      "Reading, MA",
  year =         1989,
  edition =      "15th",
}

@book{companion,
  author =       "Michel Goosens and Frank Mittelbach and Alexander Samarin",
  title =        "The {\LaTeX} Companion",
  publisher =    "Addison-Wesley Publishing Company",
  address =      "Reading, MA",
  PAGES =        "112--125",
  year =         1994,
}

@article{ELIDRISSI94,
  author =       "{Chafik El Idrissi}, M. and {Roney}, A. and {Frigon}, C. and
                  {Larzilli{\`e}re}, M.",
  title =        "Measurements of total kinetic-energy released to the {$N=2$}
                  dissociation limit of {H}$_2$ --- evidence of the dissociation
                  of very high vibrational {R}ydberg states of {H}$_2$ by
                  doubly-excited states",
  journal =      "Chemical Physics Letters",
  pages =        "260-266",
  volume =       224,
  number =       10,
  year =         1994,
}

@article{MELLINGER96,
  author =       "Mellinger, A. and Vidal, C. R. and Jungen, Ch.",
  title =        "Laser reduced fluorescence study of the carbon-monoxide nd
                  triplet {R}ydberg series-experimental results and multichannel
                  quantum-defect analysis",
  journal =      "J. Chem. Phys.",
  pages =        "8913-8921",
  volume =       104,
  number =       5,
  year =         1996,
}

@article{SHELL02,
  author =       "Michael Shell",
  title =        "How to Use the {IEEEtran \LaTeX} Class",
  journal =      "Journal of {\LaTeX} Class Files",
  year =         2002,
  volume =       12,
  number =       4,
  pages =        "100--120"
}

@TechReport{NPB2,
  title =        {The {NAS} Parallel Benchmarks 2.0},
  author =       {Alex Woo and David Bailey and Maurice Yarrow and Wijngaart
                  Wijngaart and Tim Harris and William Saphir},
  year =         1995,
  month =        dec # "~05",
  institution =  "The Pennsylvania State University CiteSeer Archives",
  url =          "http://www.nasa.org/"
}

@inproceedings{DPMG,
  author =       {Kim, Sangbum and Woo, Namyoon and Yeom, Heon Y. and Park,
                  Taesoon and Park, Hyoungwoo},
  title =        {Design and {I}mplementation of {D}ynamic {P}rocess
                  {M}anagement for {G}rid-enabled {MPICH}},
  booktitle =    {the 10th European PVM/MPI Users' Group Conference},
  year =         2003,
  address =      {Venice, Italy},
  month =        sep,
}

@inproceedings{cnproceed,
  author =       {王重阳 and 黄药师 and 欧阳峰 and 洪七公 and 段皇帝},
  title =        {武林高手从入门到精通},
  booktitle =    {第~$N$~次华山论剑},
  year =         2006,
  address =      {西安, 中国},
  month =        sep,
  lang =         "zh",
}

@article{cnarticle,
  author =       "贾宝玉 and 林黛玉 and 薛宝钗 and 贾探春",
  title =        "论刘姥姥食量大如牛之现实意义",
  journal =      "红楼梦杂谈",
  pages =        "260--266",
  volume =       224,
  year =         1800,
  lang =         "zh",
}

@mastersthesis{zhubajie,
  author =       {猪八戒},
  title =        {论流体食物的持久保存},
  school =       {广寒宫大学},
  year =         2005,
  address =      {北京},
  lang =         "zh",
}

@phdthesis{shaheshang,
  author =       {沙和尚},
  title =        {论流沙河的综合治理},
  school =       {清华大学},
  year =         2005,
  address =      {北京},
  lang =         "zh",
}

@mastersthesis{metamori2004,
  author =       {Ashwin Raju Jeyakumar},
  title =        {Metamori: A library for Incremental File Checkpointing},
  school =       {Virgina Tech},
  year =         2004,
  month =        jun # "~21",
  address =      {Blacksburg},
}

@phdthesis{FistSystem01,
  author =       "Erez Zadok",
  title =        "{FiST: A System for Stackable File System Code Generation}",
  year =         2001,
  month =        "May",
  school =       "Computer Science Department, Columbia University",
  address =      "USA"
}

@inbook{ColdSources,
  author =       {P. Gr{\"o}ning and L. Nilsson and P. Ruffieux and R.
                  Clergereaux and O. Gr{\"o}ning},
  title =        {Encyclopedia of Nanoscience and Nanotechnology},
  pages =        {547--579},
  publisher =    {American Scientific Publishers},
  year =         2004,
  volume =       1,
}

@online{chuban2001,
  author =      {萧钰},
  title =       {出版业信息化迈入快车道},
  modifydate =  {2001-12-19},
  citedate =    {2002-04-15},
  url =         {http://www.creader.com/news/200112190019.htm},
  lang =        {zh},
}

@online{oclc2000,
  author =      {{Online Computer Library Center, Inc.}},
  title =       {History of {OCLC}},
  citedate =    {2000-01-08},
  url =         {http://www.oclc.org/about/history/default.htm},
}
